@inproceedings{BERT,
title	= {BERT: Pre-training of Deep Bidirectional Transformers for Language Understanding},
author	= {Jacob Devlin and Ming-Wei Chang and Kenton Lee and Kristina N. Toutanova},
year	= {2018},
URL	= {https://arxiv.org/abs/1810.04805}
}

@misc{DistilBERT,
      title={DistilBERT, a distilled version of BERT: smaller, faster, cheaper and lighter}, 
      author={Victor Sanh and Lysandre Debut and Julien Chaumond and Thomas Wolf},
      year={2020},
      eprint={1910.01108},
      archivePrefix={arXiv},
      primaryClass={cs.CL}
}

@inproceedings{Hinton:2015,
title	= {Distilling the Knowledge in a Neural Network},
author	= {Geoffrey Hinton and Oriol Vinyals and Jeffrey Dean},
year	= {2015},
URL	= {http://arxiv.org/abs/1503.02531},
booktitle	= {NIPS Deep Learning and Representation Learning Workshop}
}

@article{Punkt,
    title = "Unsupervised Multilingual Sentence Boundary Detection",
    author = "Kiss, Tibor  and
      Strunk, Jan",
    journal = "Computational Linguistics",
    volume = "32",
    number = "4",
    year = "2006",
    url = "https://aclanthology.org/J06-4003",
    doi = "10.1162/coli.2006.32.4.485",
    pages = "485--525",
}

@misc{kingma2017adam,
      title={Adam: A Method for Stochastic Optimization}, 
      author={Diederik P. Kingma and Jimmy Ba},
      year={2017},
      eprint={1412.6980},
      archivePrefix={arXiv},
      primaryClass={cs.LG}
}

@misc{yang2020finbert,
      title={FinBERT: A Pretrained Language Model for Financial Communications}, 
      author={Yi Yang and Mark Christopher Siy UY and Allen Huang},
      year={2020},
      eprint={2006.08097},
      archivePrefix={arXiv},
      primaryClass={cs.CL}
}

@misc{lee2019biobert,
      title={BioBERT: a pre-trained biomedical language representation model for biomedical text mining}, 
      author={Jinhyuk Lee and Wonjin Yoon and Sungdong Kim and Donghyeon Kim and Sunkyu Kim and Chan Ho So and Jaewoo Kang},
      year={2019},
      eprint={1901.08746},
      archivePrefix={arXiv},
      primaryClass={cs.CL}
}

@misc{bolukbasi2016man,
      title={Man is to Computer Programmer as Woman is to Homemaker? Debiasing Word Embeddings}, 
      author={Tolga Bolukbasi and Kai-Wei Chang and James Zou and Venkatesh Saligrama and Adam Kalai},
      year={2016},
      eprint={1607.06520},
      archivePrefix={arXiv},
      primaryClass={cs.CL}
}

@misc{brown2020language,
      title={Language Models are Few-Shot Learners}, 
      author={Tom B. Brown and Benjamin Mann and Nick Ryder and Melanie Subbiah and Jared Kaplan and Prafulla Dhariwal and Arvind Neelakantan and Pranav Shyam and Girish Sastry and Amanda Askell and Sandhini Agarwal and Ariel Herbert-Voss and Gretchen Krueger and Tom Henighan and Rewon Child and Aditya Ramesh and Daniel M. Ziegler and Jeffrey Wu and Clemens Winter and Christopher Hesse and Mark Chen and Eric Sigler and Mateusz Litwin and Scott Gray and Benjamin Chess and Jack Clark and Christopher Berner and Sam McCandlish and Alec Radford and Ilya Sutskever and Dario Amodei},
      year={2020},
      eprint={2005.14165},
      archivePrefix={arXiv},
      primaryClass={cs.CL}
}